@article{Karvanen_2014,
   title={Survey data and Bayesian analysis: a cost-efficient way to estimate customer equity},
   volume={12},
   ISSN={1573-711X},
   url={http://dx.doi.org/10.1007/s11129-014-9148-4},
   DOI={10.1007/s11129-014-9148-4},
   number={3},
   journal={Quantitative Marketing and Economics},
   publisher={Springer Science and Business Media LLC},
   author={Karvanen, Juha and Rantanen, Ari and Luoma, Lasse},
   year={2014},
   month=jul, pages={305â€“329} }
