@misc{elama,
  title        = {Elämänkulku 1971-2002 [sähköinen tietoaineisto]},
  author       = {Kuusinen, Jorma},
  organization = {Jyväskylän yliopisto, Yhteiskuntatieteellinen tietoarkisto},
  year         = {2018},
  url          = {https://urn.fi/urn:nbn:fi:fsd:T-FSD2076},
  note         = {Accessed: October 6, 2024}
}